@ONLINE{java96,
    author = {{Sun Microsystems}},
    title = {JavaSoft ships Java 1.0},
    year = {1996},
    month = {1},
    url = {http://findarticles.com/p/articles/mi_m0EIN/is_1996_Jan_23/ai_17853565/?tag=content;col1},
    urldate = {2011-03-02},
    sortname = {Sun},
    keywords = {www}
}
@article{Sh:2,
author = {Shelah, Saharon},
ams-subject = {(05.04)},
journal = {Journal of Combinatorial Theory},
review = {MR 39-2652},
pages = {298--300},
title = {{Note on a min-max problem of Leo Moser}},
volume = {6},
year = {1969},
},

@ONLINE{java02,
    author = {{Computer Weekly}},
    title = {Write once, run anywhere?},
    year = {2002},
    month = {5},
    url = {http://www.computerweekly.com/Articles/2002/05/02/186793/Write-once-runanywhere1.htm},
    urldate = {2011-03-02},
    sortname = {Computer},
    keywords = {www}
}

